@article{christensen20163+,
  title={The 3+ 1 Approach to Software Architecture Description Using UML Revision 2.4},
  author={Christensen, Henrik B{\ae}rbak and Corry, Aino and Hansen, Klaus Marius},
  journal={Workingpaper, {\AA}rhus Universitetsforlag},
  year={2016}
}
@book{kim2021devops,
  title={The DevOps handbook: How to create world-class agility, reliability, \& security in technology organizations},
  author={Kim, Gene and Humble, Jez and Debois, Patrick and Willis, John and Forsgren, Nicole},
  year={2021},
  publisher={IT Revolution}
}